<record><leader>00000cas a22000007a 4500</leader><controlfield tag="001">19743877</controlfield><controlfield tag="008">890520d19341939njuwr ne      0    0eng d</controlfield><datafield ind1=" " ind2=" " tag="010"><subfield code="a">sn 88071395 </subfield></datafield><datafield ind1=" " ind2=" " tag="040"><subfield code="a">NJW</subfield><subfield code="b">eng</subfield><subfield code="c">NJW</subfield><subfield code="d">OCLCQ</subfield></datafield><datafield ind1=" " ind2=" " tag="042"><subfield code="a">msc</subfield></datafield><datafield ind1="0" ind2=" " tag="130"><subfield code="a">Leader-journal (Woodbridge, N.J. : 1934)</subfield></datafield><datafield ind1="1" ind2="0" tag="245"><subfield code="a">Leader-journal.</subfield></datafield><datafield ind1=" " ind2=" " tag="260"><subfield code="a">Woodbridge, N.J. :</subfield><subfield code="b">Woodbridge Pub. Co.,</subfield><subfield code="c">1934-1939.</subfield></datafield><datafield ind1=" " ind2=" " tag="310"><subfield code="a">Weekly</subfield></datafield><datafield ind1="0" ind2=" " tag="362"><subfield code="a">Mar. 2, 1934-June 2, 1939.</subfield></datafield><datafield ind1=" " ind2=" " tag="580"><subfield code="a">Formed by the union of: Iselin journal, Woodbridge journal, and: Woodbridge leader.</subfield></datafield><datafield ind1=" " ind2=" " tag="752"><subfield code="a">United States</subfield><subfield code="b">New Jersey</subfield><subfield code="c">Middlesex</subfield><subfield code="d">Woodbridge.</subfield></datafield><datafield ind1="1" ind2="4" tag="780"><subfield code="t">Iselin journal</subfield></datafield><datafield ind1="1" ind2="4" tag="780"><subfield code="t">Woodbridge journal</subfield></datafield><datafield ind1="1" ind2="4" tag="780"><subfield code="t">Woodbridge leader</subfield><subfield code="w">(DLC)sn 88071394</subfield></datafield><datafield ind1="0" ind2="7" tag="785"><subfield code="t">Woodbridge independent (Woodbridge, N.J. : 1923)</subfield><subfield code="w">(DLC)sn 88071393</subfield></datafield><datafield ind1="0" ind2="7" tag="785"><subfield code="t">Independent-leader (Woodbridge, N.J. : 1939)</subfield><subfield code="w">(DLC)sn 88071387</subfield></datafield></record>